%% This BibTeX bibliography file was created using BibDesk.
%% https://bibdesk.sourceforge.io/

%% Created for Junjie He at 2018-10-16 12:12:30 +1300 


%% Saved with string encoding Unicode (UTF-8) 

% @online{WinNT,
%   author = {MultiMedia LLC},
%   title = {{MS Windows NT} Kernel Description},
%   year = 1999,
%   url = {http://web.archive.org/web/20080207010024/http://www.808multimedia.com/winnt/kernel.htm},
%   urldate = {2010-09-30}
% }
@online{OCL,
  author = {Object Management Group},
  title = {Object Constraint Language},
  year = Feb 2014,
  url = {http://www.omg.org/spec/OCL/2.4},
  urldate = {2018-10-12}
}

@online{Z,
  author = {Ian Toyn},
  title = {Information technology -- Z formal specification notation -- Syntax, type system and semantics},
  year = Feb 2014,
  url = {https://www.iso.org/standard/21573.html},
  urldate = {2018-10-12}
}
@article{Barnes:2010:CPO:1713254.1713265,
 author = {Barnes, Frederick R.M. and Ritson, Carl G.},
 title = {Checking Process-oriented Operating System Behaviour Using CSP and Refinement},
 journal = {SIGOPS Oper. Syst. Rev.},
 issue_date = {January 2010},
 volume = {43},
 number = {4},
 month = jan,
 year = {2010},
 issn = {0163-5980},
 pages = {45--49},
 numpages = {5},
 url = {http://doi.acm.org.ezproxy.auckland.ac.nz/10.1145/1713254.1713265},
 doi = {10.1145/1713254.1713265},
 acmid = {1713265},
 publisher = {ACM},
 address = {New York, NY, USA},
 keywords = {CSP, FDR, RMoX, occam-pi, refinement},
} 

@inproceedings{li2013object,
  title={An Object-Z Specification of a Petrol Supply System},
  author={Li, Yang Ping and Zhao, Wei Quan and Wei, Xiao Rui},
  booktitle={Applied Mechanics and Materials},
  volume={427},
  pages={2349--2353},
  year={2013},
  organization={Trans Tech Publ}
}

